<?xml version="1.0" encoding="UTF-8"?><record xmlns="http://www.loc.gov/MARC21/slim" xmlns:cinclude="http://apache.org/cocoon/include/1.0" xmlns:zs="http://www.loc.gov/zing/srw/">
  <leader>00539nz  a2200157n  4500</leader>
  <controlfield tag="001">no2010084055</controlfield>
  <controlfield tag="003">DLC</controlfield>
  <controlfield tag="005">20100522075405.0</controlfield>
  <controlfield tag="008">100520n| acannaabn          |a aaa     c</controlfield>
  <datafield tag="010" ind1=" " ind2=" ">
    <subfield code="a">no2010084055</subfield>
  </datafield>
  <datafield tag="035" ind1=" " ind2=" ">
    <subfield code="a">(OCoLC)oca08501448</subfield>
  </datafield>
  <datafield tag="040" ind1=" " ind2=" ">
    <subfield code="a">MoSCT</subfield>
    <subfield code="b">eng</subfield>
    <subfield code="c">MoSCT</subfield>
  </datafield>
  <datafield tag="100" ind1="1" ind2=" ">
    <subfield code="a">Vegt, W. H. van der,</subfield>
    <subfield code="d">1895-1944</subfield>
  </datafield>
  <datafield tag="400" ind1="1" ind2=" ">
    <subfield code="a">Van der Vegt, W. H.,</subfield>
    <subfield code="d">1895-1944</subfield>
  </datafield>
  <datafield tag="670" ind1=" " ind2=" ">
    <subfield code="a">Het verbond der genade, 1939?:</subfield>
    <subfield code="b">t.p. (W.H. van der Vegt)</subfield>
  </datafield>
  <datafield tag="670" ind1=" " ind2=" ">
    <subfield code="a">OCLC, viewed May 20, 2010:</subfield>
    <subfield code="b">(hdg: Vegt, W.H. van der, 1895-1944; usage: W.H. van der Vegt, W.H. v.d. Vegt)</subfield>
  </datafield>
</record>